% -------------------------------------------------------------------------
% This BibTex file was generated by Qiqqa (http://www.qiqqa.com/?ref=EXPBIB)
% Monday, July 22, 2013 5:42:59 PM
% Version 3
% -------------------------------------------------------------------------

@article{PhysRevLett.110.227402,
 title = {Measurement of Filling-Factor-Dependent Magnetophonon Resonances in Graphene Using Raman Spectroscopy},
  author = {Kim, Y. and Poumirol, J. M. and Lombardo, A. and Kalugin, N. G. and Georgiou, T. and Kim, Y. J. and Novoselov, K. S. and Ferrari, A. C. and Kono, J. and Kashuba, O. and Fal'ko, V. I. and Smirnov, D.},
  journal = {Phys. Rev. Lett.},
  volume = {110},
  issue = {22},
  pages = {227402},
  numpages = {5},
  year = {2013},
  month = {May},
  doi = {10.1103/PhysRevLett.110.227402},
  url = {http://link.aps.org/doi/10.1103/PhysRevLett.110.227402},
  publisher = {American Physical Society}
}

@article{kuhne2012polarization
,	author	= {K\"uhne, M. and Faugeras, C. and Kossacki, P. and Nicolet, A. A. L. and Orlita, M. and Latyshev, Yu. I. and Potemski, M.}
,	title	= {Polarization-resolved magneto-Raman scattering of graphenelike domains on natural graphite}
,	journal	= {Phys. Rev. B}
,	year	= {2012}
,	volume	= {85}
,	pages	= {195406}
,	month	= {May}
,	issue	= {19}
,	numpages	= {9}
,	doi	= {10.1103/PhysRevB.85.195406}
,	url	= {http://link.aps.org/doi/10.1103/PhysRevB.85.195406}
,	publisher	= {American Physical Society}
}

@article{goler2012raman
,	author	= {Sarah Goler and Jun Yan and Vittorio Pellegrini and Aron Pinczuk}
,	title	= {Raman spectroscopy of magneto-phonon resonances in graphene and graphite }
,	journal	= {Solid State Communications }
,	year	= {2012}
,	volume	= {152}
,	number	= {15}
,	pages	= {1289 - 1293}
,	issn	= {0038-1098}
,	doi	= {http://dx.doi.org/10.1016/j.ssc.2012.04.020}
,	url	= {http://www.sciencedirect.com/science/article/pii/S0038109812002268}
,	keywords	= {Magneto-phonon resonance }
}

@article{kossacki2012circular
,	author	= {Kossacki, P. and Faugeras, C. and K\"uhne, M. and Orlita, M. and Mahmood, A. and Dujardin, E. and Nair, R. R. and Geim, A. K. and Potemski, M.}
,	title	= {Circular dichroism of magnetophonon resonance in doped graphene}
,	journal	= {Phys. Rev. B}
,	year	= {2012}
,	volume	= {86}
,	pages	= {205431}
,	month	= {Nov}
,	issue	= {20}
,	numpages	= {5}
,	doi	= {10.1103/PhysRevB.86.205431}
,	url	= {http://link.aps.org/doi/10.1103/PhysRevB.86.205431}
,	publisher	= {American Physical Society}
}

@article{kim2012magnetophonon
,	author	= {Kim, Y. and Ma, Y. and Imambekov, A. and Kalugin, N. G. and Lombardo, A. and Ferrari, A. C. and Kono, J. and Smirnov, D.}
,	title	= {Magnetophonon resonance in graphite: High-field Raman measurements and electron-phonon coupling contributions}
,	journal	= {Phys. Rev. B}
,	year	= {2012}
,	volume	= {85}
,	pages	= {121403}
,	month	= {Mar}
,	issue	= {12}
,	numpages	= {5}
,	doi	= {10.1103/PhysRevB.85.121403}
,	url	= {http://link.aps.org/doi/10.1103/PhysRevB.85.121403}
,	publisher	= {American Physical Society}
}

@article{hwang2012fermi
,	author	= {Hwang, Choongyu and Siegel, David A. and Mo, Sung-Kwan and Regan, William and Ismach, Ariel and Zhang, Yuegang and Zettl, Alex and Lanzara, Alessandra}
,	title	= {Fermi velocity engineering in graphene by substrate modification}
,	journal	= {Sci. Rep.}
,	year	= {2012}
,	volume	= {2}
,	number	= {590}
,	pages	= {590}
,	publisher	= {Nature Publishing Group}
}

@article{kossacki2011electronic,
  title={Electronic excitations and electron-phonon coupling in bulk graphite through Raman scattering in high magnetic fields},
  author={Kossacki, P. and Faugeras, C. and K{\"u}hne, M. and Orlita, M. and Nicolet, AAL and Schneider, JM and Basko, DM and Latyshev, Y.I. and Potemski, M.},
  journal={Arxiv preprint arXiv:1110.4262},
  year={2011}
}

@article{PhysRevB.84.235138,
  title = {Electronic excitations and electron-phonon coupling in bulk graphite through Raman scattering in high magnetic fields},
  author = {Kossacki, P. and Faugeras, C. and K\"uhne, M. and Orlita, M. and Nicolet, A. A. L. and Schneider, J. M. and Basko, D. M. and Latyshev, Yu. I. and Potemski, M.},
  journal = {Phys. Rev. B},
  volume = {84},
  issue = {23},
  pages = {235138},
  numpages = {12},
  year = {2011},
  month = {Dec},
  doi = {10.1103/PhysRevB.84.235138},
  url = {http://link.aps.org/doi/10.1103/PhysRevB.84.235138},
  publisher = {American Physical Society}
}

@article{faugeras2011magneto
,	author	= {Faugeras, C. and Amado, M. and Kossacki, P. and Orlita, M. and K\"uhne, M. and Nicolet, A. A. L. and Latyshev, Yu. I. and Potemski, M.}
,	title	= {Magneto-Raman Scattering of Graphene on Graphite: Electronic and Phonon Excitations}
,	journal	= {Phys. Rev. Lett.}
,	year	= {2011}
,	volume	= {107}
,	pages	= {036807}
,	month	= {Jul}
,	issue	= {3}
,	numpages	= {4}
,	doi	= {10.1103/PhysRevLett.107.036807}
,	url	= {http://link.aps.org/doi/10.1103/PhysRevLett.107.036807}
,	publisher	= {American Physical Society}
}

@article{elias2011dirac
,	author	= {Elias, DC and Gorbachev, RV and Mayorov, AS and Morozov, SV and Zhukov, AA and Blake, P and Grigorieva, LA Ponomarenko IV and Novoselov, KS and Guinea, F and Geim, AK}
,	title	= {Dirac cones reshaped by interaction effects in suspended graphene}
,	journal	= {Nature Phys.}
,	year	= {2011}
,	volume	= {7}
,	number	= {9}
,	pages	= {701--704}
,	publisher	= {Nature Publishing Group}
}

@article{goerbig2011electronic
,	author	= {Goerbig, M. O.}
,	title	= {Electronic properties of graphene in a strong magnetic field}
,	journal	= {Rev. Mod. Phys.}
,	year	= {2011}
,	volume	= {83}
,	pages	= {1193--1243}
,	month	= {Nov}
,	issue	= {4}
,	doi	= {10.1103/RevModPhys.83.1193}
,	url	= {http://link.aps.org/doi/10.1103/RevModPhys.83.1193}
,	publisher	= {American Physical Society}
}

@article{yan2010observation
,	author	= {Yan, Jun and Goler, Sarah and Rhone, Trevor D. and Han, Melinda and He, Rui and Kim, Philip and Pellegrini, Vittorio and Pinczuk, Aron}
,	title	= {Observation of Magnetophonon Resonance of Dirac Fermions in Graphite}
,	journal	= {Phys. Rev. Lett.}
,	year	= {2010}
,	volume	= {105}
,	pages	= {227401}
,	month	= {Nov}
,	issue	= {22}
,	numpages	= {4}
,	doi	= {10.1103/PhysRevLett.105.227401}
,	url	= {http://link.aps.org/doi/10.1103/PhysRevLett.105.227401}
,	publisher	= {American Physical Society}
}

@article{faugeras2009tuning
,	author	= {Faugeras, C. and Amado, M. and Kossacki, P. and Orlita, M. and Sprinkle, M. and Berger, C. and de Heer, W. A. and Potemski, M.}
,	title	= {Tuning the Electron-Phonon Coupling in Multilayer Graphene with Magnetic Fields}
,	journal	= {Phys. Rev. Lett.}
,	year	= {2009}
,	volume	= {103}
,	pages	= {186803}
,	month	= {Oct}
,	issue	= {18}
,	numpages	= {4}
,	doi	= {10.1103/PhysRevLett.103.186803}
,	url	= {http://link.aps.org/doi/10.1103/PhysRevLett.103.186803}
,	publisher	= {American Physical Society}
}

@article{neto2009electronic
,	author	= {Castro Neto, A. H. and Guinea, F. and Peres, N. M. R. and Novoselov, K. S. and Geim, A. K.}
,	title	= {The electronic properties of graphene}
,	journal	= {Rev. Mod. Phys.}
,	year	= {2009}
,	volume	= {81}
,	pages	= {109--162}
,	month	= {Jan}
,	issue	= {1}
,	doi	= {10.1103/RevModPhys.81.109}
,	url	= {http://link.aps.org/doi/10.1103/RevModPhys.81.109}
,	publisher	= {American Physical Society}
}

@article{PhysRevB.80.241404
,	author	= {Kashuba, Oleksiy and Fal'ko, Vladimir I.}
,	title	= {Signature of electronic excitations in the Raman spectrum of graphene}
,	journal	= {Phys. Rev. B}
,	year	= {2009}
,	volume	= {80}
,	pages	= {241404}
,	month	= {Dec}
,	issue	= {24}
,	numpages	= {4}
,	doi	= {10.1103/PhysRevB.80.241404}
,	url	= {http://link.aps.org/doi/10.1103/PhysRevB.80.241404}
,	publisher	= {American Physical Society}
}

@article{ando2007magnetic
,	author	= {Ando, T.}
,	title	= {Magnetic oscillation of optical phonon in graphene}
,	journal	= {J. Phys. Soc. Jpn.}
,	year	= {2007}
,	volume	= {76}
,	number	= {2}
,	pages	= {4712}
}

@article{pisana2007breakdown
,	author	= {Pisana, S. and Lazzeri, M. and Casiraghi, C. and Novoselov, K.S. and Geim, A.K. and Ferrari, A.C. and Mauri, F.}
,	title	= {Breakdown of the adiabatic Born--Oppenheimer approximation in graphene}
,	journal	= {Nature Mater.}
,	year	= {2007}
,	volume	= {6}
,	number	= {3}
,	pages	= {198--201}
,	publisher	= {Nature Publishing Group}
}

@article{yan2007electric
,	author	= {Yan, Jun and Zhang, Yuanbo and Kim, Philip and Pinczuk, Aron}
,	title	= {Electric Field Effect Tuning of Electron-Phonon Coupling in Graphene}
,	journal	= {Phys. Rev. Lett.}
,	year	= {2007}
,	volume	= {98}
,	pages	= {166802}
,	month	= {Apr}
,	issue	= {16}
,	numpages	= {4}
,	doi	= {10.1103/PhysRevLett.98.166802}
,	url	= {http://link.aps.org/doi/10.1103/PhysRevLett.98.166802}
,	publisher	= {American Physical Society}
}

@article{casiraghi2007rayleigh
,	author	= {Casiraghi, C. and Hartschuh, A. and Lidorikis, E. and Qian, H. and Harutyunyan, H. and Gokus, T. and Novoselov, K. S. and Ferrari, A. C.}
,	title	= {Rayleigh Imaging of Graphene and Graphene Layers}
,	journal	= {Nano Letters}
,	year	= {2007}
,	volume	= {7}
,	number	= {9}
,	pages	= {2711-2717}
,	doi	= {10.1021/nl071168m}
,	url	= {http://pubs.acs.org/doi/abs/10.1021/nl071168m}
,	eprint	= {http://pubs.acs.org/doi/pdf/10.1021/nl071168m}
}

@article{martin2007observation
,	author	= {Martin, J and Akerman, N and Ulbricht, G and Lohmann, T and Smet, JH and Von Klitzing, K and Yacoby, A}
,	title	= {Observation of electron-hole puddles in graphene using a scanning single-electron transistor}
,	journal	= {Nature Phys.}
,	year	= {2007}
,	volume	= {4}
,	number	= {2}
,	pages	= {144--148}
,	publisher	= {Nature Publishing Group}
}

@article{goerbig2007filling
,	author	= {Goerbig, M. O. and Fuchs, J.-N. and Kechedzhi, K. and Fal'ko, Vladimir I.}
,	title	= {Filling-Factor-Dependent Magnetophonon Resonance in Graphene}
,	journal	= {Phys. Rev. Lett.}
,	year	= {2007}
,	volume	= {99}
,	pages	= {087402}
,	month	= {Aug}
,	issue	= {8}
,	numpages	= {4}
,	doi	= {10.1103/PhysRevLett.99.087402}
,	url	= {http://link.aps.org/doi/10.1103/PhysRevLett.99.087402}
,	publisher	= {American Physical Society}
}

@article{blake2007making
,	author	= {P. Blake and E. W. Hill and A. H. Castro Neto and K. S. Novoselov and D. Jiang and R. Yang and T. J. Booth and A. K. Geim}
,	title	= {Making graphene visible}
,	journal	= {Applied Physics Letters}
,	year	= {2007}
,	volume	= {91}
,	number	= {6}
,	pages	= {063124}
,	publisher	= {AIP}
,	eid	= {063124}
,	numpages	= {3}
,	keywords	= {carbon; opacity; optical microscopy}
,	url	= {http://link.aip.org/link/?APL/91/063124/1}
,	doi	= {10.1063/1.2768624}
}

@article{ni2007graphene
,	author	= {Ni, Z. H. and Wang, H. M. and Kasim, J. and Fan, H.M. and Yu, T. and Wu, Y. H. and Feng, Y. P. and Shen, Z. X.}
,	title	= {Graphene thickness determination using reflection and contrast spectroscopy}
,	journal	= {Nano Lett.}
,	year	= {2007}
,	volume	= {7}
,	number	= {9}
,	pages	= {2758--2763}
,	publisher	= {ACS Publications}
}

@article{stampfer2007raman
,	author	= {Stampfer, C. and Molitor, F. and Graf, D. and Ensslin, K. and Jungen, A. and Hierold, C. and Wirtz, L.}
,	title	= {Raman imaging of doping domains in graphene on< equation>< font face='verdana'> Si</font>< font face='verdana'> O</font>< sub> 2</sub></equation>}
,	journal	= {Appl. Phys. Lett.}
,	year	= {2007}
,	volume	= {91}
,	number	= {24}
,	pages	= {241907--241907}
,	publisher	= {AIP}
}

@article{ferrari2006raman
,	author	= {Ferrari, A. C. and Meyer, J. C. and Scardaci, V. and Casiraghi, C. and Lazzeri, M. and Mauri, F. and Piscanec, S. and Jiang, D. and Novoselov, K. S. and Roth, S. and Geim, A. K.}
,	title	= {Raman Spectrum of Graphene and Graphene Layers}
,	journal	= {Phys. Rev. Lett.}
,	year	= {2006}
,	volume	= {97}
,	pages	= {187401}
,	month	= {Oct}
,	issue	= {18}
,	numpages	= {4}
,	doi	= {10.1103/PhysRevLett.97.187401}
,	url	= {http://link.aps.org/doi/10.1103/PhysRevLett.97.187401}
,	publisher	= {American Physical Society}
}

@article{tsuneya2006anomaly
,	author	= {Ando, T.}
,	title	= {Anomaly of optical phonon in monolayer graphene}
,	journal	= {J. Phys. Soc. Jpn.}
,	year	= {2006}
,	volume	= {75}
,	number	= {12}
,	pages	= {124701}
}

@article{novoselov2005two
,	author	= {Novoselov, K. S. and Geim, A. K. and Morozov, S. V. and Jiang, D. and Katsnelson, M. I. and Grigorieva, I. V. and Dubonos, S. V. and Firsov, A. A.}
,	title	= {Two-dimensional gas of massless Dirac fermions in graphene}
,	journal	= {Nature}
,	year	= {2005}
,	volume	= {438}
,	number	= {7065}
,	pages	= {197--200}
,	publisher	= {Nature Publishing Group}
}

@article{zhang2005experimental,
  title={Experimental observation of the quantum Hall effect and Berry's phase in graphene},
  author={Zhang, Yuanbo and Tan, Yan-Wen and Stormer, Horst L and Kim, Philip},
  journal={Nature},
  volume={438},
  number={7065},
  pages={201--204},
  year={2005},
  publisher={Nature Publishing Group}
}

@article{novoselov2005two
,	author	= {Novoselov, K. S. and Jiang, D. and Schedin, F. and Booth, T. J.  and Khotkevich, V. V. and Morozov, S. V. and Geim, A. K.}
,	title	= {Two-dimensional atomic crystals}
,	journal	= {PNAS}
,	year	= {2005}
,	volume	= {102}
,	number	= {30}
,	pages	= {10451--10453}
,	publisher	= {National Acad Sciences}
}

@article{novoselov2004electric
,	author	= {Novoselov, K. S. and Geim, A. K. and Morozov, S. V. and Jiang, D. and Zhang, Y. and Dubonos, S. V. and Grigorieva, I.V. and Firsov, A.A.}
,	title	= {Electric field effect in atomically thin carbon films}
,	journal	= {Science}
,	year	= {2004}
,	volume	= {306}
,	number	= {5696}
,	pages	= {666--669}
,	publisher	= {American Association for the Advancement of Science}
}

@misc{kias2009
,	note	= {This was presented by S. R\'emi, M. Liu, A. K. Swan and B.B. Goldberg at the 2009 KIAS Graphene meeting (but not published) and cited in Ref. \cite{faugeras2009tuning,goler2012raman}
 
}
}

